@book{1,
  title={Principles of Mathematical Analysis},
  author={Rudin, W.},
  isbn={9780070856134},
  lccn={75179033},
  series={International series in pure and applied mathematics},
  url={https://books.google.com/books?id=kwqzPAAACAAJ},
  year={1976},
  publisher={McGraw-Hill}
}

@misc{2,
  author = {Piotr Haj≈Çasz},
  title = {Introduction to {A}nalysis},
  month = {December},
  year = {2019},
  publisher = {},
  HOWPUBLISHED = {},
  NOTE = {{\em MATH1530: Advanced Calculus I.} \url{http://www.pitt.edu/~hajlasz/Teaching/Math1530Fall2018/selection.pdf}},
}

@MISC {3,
    TITLE = {What are the ways of proving that the {C}antor set is uncountable apart from {C}antor diagonalization?},
    AUTHOR = {Gerald Edgar},
    HOWPUBLISHED = {Mathematics Stack Exchange},
    NOTE = {\url{https://math.stackexchange.com/q/250762} (version: 2012-12-04)},
    EPRINT = {https://math.stackexchange.com/q/250762},
    URL = {https://math.stackexchange.com/q/250762}
}